%YAML 1.1
%TAG !u! tag:unity3d.com,2011:
--- !u!1 &145176
GameObject:
  m_ObjectHideFlags: 0
  m_PrefabParentObject: {fileID: 0}
  m_PrefabInternal: {fileID: 100100000}
  serializedVersion: 4
  m_Component:
  - 4: {fileID: 429606}
  - 212: {fileID: 21245180}
  - 95: {fileID: 9539802}
  - 60: {fileID: 6060316}
  - 114: {fileID: 11400790}
  m_Layer: 0
  m_Name: Bee_left
  m_TagString: Untagged
  m_Icon: {fileID: 0}
  m_NavMeshLayer: 0
  m_StaticEditorFlags: 0
  m_IsActive: 1
--- !u!4 &429606
Transform:
  m_ObjectHideFlags: 1
  m_PrefabParentObject: {fileID: 0}
  m_PrefabInternal: {fileID: 100100000}
  m_GameObject: {fileID: 145176}
  m_LocalRotation: {x: 0, y: 0, z: 0, w: 1}
  m_LocalPosition: {x: 0.21362996, y: -4.8199997, z: 0}
  m_LocalScale: {x: 0.151549, y: 0.15154901, z: 0.15154901}
  m_Children: []
  m_Father: {fileID: 0}
  m_RootOrder: 0
--- !u!60 &6060316
PolygonCollider2D:
  m_ObjectHideFlags: 1
  m_PrefabParentObject: {fileID: 0}
  m_PrefabInternal: {fileID: 100100000}
  m_GameObject: {fileID: 145176}
  m_Enabled: 1
  m_Density: 1
  m_Material: {fileID: 0}
  m_IsTrigger: 1
  m_UsedByEffector: 0
  m_Offset: {x: 0, y: 0}
  m_Points:
    m_Paths:
    - - {x: -0.19999999, y: -1.62}
      - {x: -0.12, y: -1.74}
      - {x: -0.26, y: -2.34}
      - {x: -0.12, y: -2.3999999}
      - {x: 0, y: -2}
      - {x: 0.08, y: -1.6999999}
      - {x: 0.22, y: -2}
      - {x: -0.08, y: -2.48}
      - {x: -0.099999994, y: -2.56}
      - {x: 0.02, y: -2.56}
      - {x: 0.22, y: -2.34}
      - {x: 0.39999998, y: -2.08}
      - {x: 0.48, y: -1.9}
      - {x: 0.53999996, y: -1.78}
      - {x: 0.58, y: -1.66}
      - {x: 1.16, y: -1.64}
      - {x: 1.5999999, y: -1.5799999}
      - {x: 1.92, y: -1.3199999}
      - {x: 2.1399999, y: -0.62}
      - {x: 2.22, y: -0.099999994}
      - {x: 2.2, y: 0.26}
      - {x: 1.9599999, y: 0.56}
      - {x: 2.18, y: 0.65999997}
      - {x: 2.3999999, y: 0.9}
      - {x: 2.3999999, y: 1.3199999}
      - {x: 2.1599998, y: 1.5999999}
      - {x: 1.88, y: 1.66}
      - {x: 1.3399999, y: 1.64}
      - {x: 1.02, y: 1.54}
      - {x: 0.62, y: 1.3}
      - {x: 0.44, y: 1.5}
      - {x: -0.08, y: 1.9799999}
      - {x: -0.38, y: 2.12}
      - {x: -0.76, y: 2.12}
      - {x: -1.0799999, y: 1.9}
      - {x: -1.56, y: 1.88}
      - {x: -1.86, y: 1.64}
      - {x: -2.02, y: 1.42}
      - {x: -2.2, y: 0.97999996}
      - {x: -2.2, y: 0.53999996}
      - {x: -2.12, y: 0.32}
      - {x: -1.76, y: 0.04}
      - {x: -1.42, y: -0.12}
      - {x: -1.42, y: -0.29999998}
      - {x: -1.38, y: -0.62}
      - {x: -1.26, y: -0.91999996}
      - {x: -0.96, y: -1.24}
      - {x: -0.97999996, y: -1.56}
      - {x: -0.96, y: -1.8399999}
      - {x: -0.94, y: -2.04}
      - {x: -1.04, y: -2.3799999}
      - {x: -1.04, y: -2.5}
      - {x: -0.9, y: -2.56}
      - {x: -0.71999997, y: -2.56}
      - {x: -0.71999997, y: -2.28}
      - {x: -0.34, y: -1.8399999}
      - {x: -0.28, y: -1.78}
    - - {x: -0.76, y: -1.8}
      - {x: -0.74, y: -1.78}
      - {x: -0.7, y: -2}
      - {x: -0.78, y: -2.08}
      - {x: -0.76, y: -2.08}
--- !u!95 &9539802
Animator:
  serializedVersion: 3
  m_ObjectHideFlags: 1
  m_PrefabParentObject: {fileID: 0}
  m_PrefabInternal: {fileID: 100100000}
  m_GameObject: {fileID: 145176}
  m_Enabled: 1
  m_Avatar: {fileID: 0}
  m_Controller: {fileID: 9100000, guid: 8827b537f0cb9e44aa3abc7c346e6a43, type: 2}
  m_CullingMode: 2
  m_UpdateMode: 2
  m_ApplyRootMotion: 0
  m_LinearVelocityBlending: 0
  m_WarningMessage: 
  m_HasTransformHierarchy: 1
  m_AllowConstantClipSamplingOptimization: 1
--- !u!114 &11400790
MonoBehaviour:
  m_ObjectHideFlags: 1
  m_PrefabParentObject: {fileID: 0}
  m_PrefabInternal: {fileID: 100100000}
  m_GameObject: {fileID: 145176}
  m_Enabled: 1
  m_EditorHideFlags: 0
  m_Script: {fileID: 11500000, guid: 32f073d6c4fb2e64a9684e79528c7615, type: 3}
  m_Name: 
  m_EditorClassIdentifier: 
  angle: -120
  beeSpeed: 2
  beeRotateSpeed: 1
  radius: 0
  ui: {fileID: 0}
--- !u!212 &21245180
SpriteRenderer:
  m_ObjectHideFlags: 1
  m_PrefabParentObject: {fileID: 0}
  m_PrefabInternal: {fileID: 100100000}
  m_GameObject: {fileID: 145176}
  m_Enabled: 1
  m_CastShadows: 0
  m_ReceiveShadows: 0
  m_Materials:
  - {fileID: 10754, guid: 0000000000000000e000000000000000, type: 0}
  m_SubsetIndices: 
  m_StaticBatchRoot: {fileID: 0}
  m_UseLightProbes: 0
  m_ReflectionProbeUsage: 0
  m_ProbeAnchor: {fileID: 0}
  m_ScaleInLightmap: 1
  m_PreserveUVs: 0
  m_IgnoreNormalsForChartDetection: 0
  m_ImportantGI: 0
  m_MinimumChartSize: 4
  m_AutoUVMaxDistance: 0.5
  m_AutoUVMaxAngle: 89
  m_LightmapParameters: {fileID: 0}
  m_SortingLayerID: 0
  m_SortingOrder: 0
  m_Sprite: {fileID: 21300000, guid: 8dd2bfe19466ed64ab433fd8ac66577d, type: 3}
  m_Color: {r: 1, g: 1, b: 1, a: 1}
  m_FlipX: 0
  m_FlipY: 0
--- !u!1001 &100100000
Prefab:
  m_ObjectHideFlags: 1
  serializedVersion: 2
  m_Modification:
    m_TransformParent: {fileID: 0}
    m_Modifications:
    - target: {fileID: 0}
      propertyPath: beeSpeed
      value: 2
      objectReference: {fileID: 0}
    - target: {fileID: 0}
      propertyPath: angle
      value: -120
      objectReference: {fileID: 0}
    m_RemovedComponents: []
  m_ParentPrefab: {fileID: 0}
  m_RootGameObject: {fileID: 145176}
  m_IsPrefabParent: 1
